@book{texbook,
  author = {Donald E. Knuth},
  year = {1986},
  title = {The {\TeX} Book},
  publisher = {Addison-Wesley Professional}
}

@Article{momentuHMM,
    title = {momentu{HMM}: {R} package for generalized hidden {M}arkov models of animal movement},
    author = {Brett T. McClintock and Th{'e}o Michelot},
    journal = {Methods in Ecology and Evolution},
    year = {2018},
    volume = {9},
    number = {6},
    pages = {1518-1530},
    url = {http://dx.doi.org/10.1111/2041-210X.12995},
    doi = {10.1111/2041-210X.12995},
  }
